@Book{japanerPaper,
 title    = {Achtung Umlaute "a "o "u},
 author   = {Yoshihiro Fujioka and Janxin Sun and Toshiro Ono},
 publisher = {Wiley-VCH},
 year = {2000},
}

@Book{comprehensiveMass,
editor = {Manfred Kochsiek and Michael Gl"aser},
title = {Comprehensive Mass Metrology},
publisher = {Wiley-VCH},
year = {2000},
}

@Book{kuchling,
author = {Horst Kuchling},
title = {Taschenbuch der Physik},
publisher = {Hanser},
year = {2007},
}

@Unpublished{mueller,
author = {M"uller, Andreas},
title = {Wahrscheinlichkeitsrechnung und Statistik},
note = {Skript, HSR Rapperswil},
year = {2008},
}

@Book{waegelexikon,
author = {Sepp Blatter and Sepp Blatter and Sepp Blatter and Sepp Blatter and Sepp Blatter},
title = {Titel, titel titel},
publisher = {Laufer},
year = {2030},
}

@misc{schulbilder.org,
note = {\url{http://www.schulbilder.org/} Justitia, 13.12.2009},
key = {schulbilder.org},
year = {2009},
}

@Unpublished{aaaaaaaaaaa,
author = {sdfsdf s},
title = {asdf sad sadf},
note = {asdfs sadf Power\-Point-Pr"asenta\-tion}
}

@misc{patentYamato,
author       = {sdf sdaf},
note         = {European Patent Application sdf asdfsdfds, 10.12.88},
title        = {mysteri√∂se Erfindung},
year         = {1990}
}

@misc{dynamic,
note = {asdf asdf asdf, \url{http://www.xasdfsdf.com/}, 10.12.2009},
key = {sdsadfsdfsda},
year = {2009},
}
